@inproceedings{Ahuja_2023_CVPR,
  author    = {Ahuja, Nilesh and Datta, Parual and Kanzariya, Bhavya and Somayazulu, V. Srinivasa and Tickoo, Omesh},
  booktitle = {Proc. IEEE/CVF CVPR},
  date      = {2023-06},
  pages     = {2022--2030},
  title     = {Neural Rate Estimator and Unsupervised Learning for Efficient Distributed Image Analytics in Split-{DNN} Models},
}

@inproceedings{duan2022pcs,
  author    = {Duan, Zhihao and Zhu, Fengqing},
  booktitle = {Proc. Picture Coding Symposium (PCS)},
  date      = {2022-12},
  pages     = {187--191},
  title     = {Efficient Feature Compression for Edge-Cloud Systems},
}

@inproceedings{matsubara2022wacv,
  author    = {Matsubara, Yoshitomo and Yang, Ruihan and Levorato, Marco and Mandt, Stephan},
  booktitle = {Proc. IEEE/CVF Winter Conf. on Applications of Computer Vision (WACV)},
  date      = {2022},
  pages     = {923--933},
  title     = {Supervised Compression for Resource-Constrained Edge Computing Systems},
}

@inproceedings{choi2018mmsp,
  author    = {Choi, Hyomin and Bajić, Ivan V.},
  booktitle = {Proc. IEEE MMSP},
  date      = {2018},
  doi       = {10.1109/MMSP.2018.8547134},
  pages     = {1--6},
  title     = {Near-Lossless Deep Feature Compression for Collaborative Intelligence},
}

@inproceedings{choi2018mmsp_alternate,
  author    = {Choi, Hyomin and Bajić, Ivan V.},
  booktitle = {Proc. IEEE MMSP'18},
  date      = {2018-08},
  doi       = {10.1109/MMSP.2018.8547134},
  issn      = {2473-3628},
  pages     = {1--6},
  title     = {Near-Lossless Deep Feature Compression for Collaborative Intelligence},
}

@article{choi2022sichm,
  author       = {Choi, Hyomin and Bajić, Ivan V.},
  date         = {2022-03},
  journaltitle = {IEEE Trans. Image Process.},
  pages        = {2739--2754},
  title        = {Scalable Image Coding for Humans and Machines},
  volume       = {31},
}

@article{choi2022sichm_arxiv,
  author       = {Choi, Hyomin and Bajic, Ivan V.},
  publisher    = {Institute of Electrical and Electronics Engineers ({IEEE})},
  url          = {https://doi.org/10.1109%2Ftip.2022.3160602},
  date         = {2022},
  doi          = {10.1109/tip.2022.3160602},
  journaltitle = {{IEEE} Transactions on Image Processing},
  pages        = {2739--2754},
  title        = {Scalable Image Coding for Humans and Machines},
  volume       = {31},
}

@inproceedings{chamain2020endtoend,
  author    = {Chamain, Lahiru D. and Racapé, Fabien and Bégaint, Jean and Pushparaja, Akshay and Feltman, Simon},
  booktitle = {Proc. DCC},
  date      = {2020},
  pages     = {163--172},
  title     = {End-to-End optimized image compression for machines, a study},
}

@article{duan2020vcm,
  author       = {Duan, Ling-Yu and Liu, Jiaying and Yang, Wenhan and Huang, Tiejun and Gao, Wen},
  date         = {2020},
  journaltitle = {IEEE Trans. Image Process.},
  pages        = {8680--8695},
  title        = {{Video Coding for Machines}: A Paradigm of Collaborative Compression and Intelligent Analytics},
  volume       = {29},
}

@inproceedings{hu2020towardscfhmvscalable,
  author    = {Hu, Yueyu and Yang, Shuai and Yang, Wenhan and Duan, Ling-Yu and Liu, Jiaying},
  booktitle = {Proc. IEEE ICME},
  date      = {2020},
  pages     = {1--6},
  title     = {Towards Coding For Human And Machine Vision: A Scalable Image Coding Approach},
}

@article{kang2017neurosurgeon,
  author       = {Kang, Yiping and Hauswald, Johann and Gao, Cao and Rovinski, Austin and Mudge, Trevor and Mars, Jason and Tang, Lingjia},
  location     = {New York, NY, USA},
  publisher    = {Association for Computing Machinery},
  date         = {2017},
  journaltitle = {SIGARCH Comput. Archit. News},
  number       = {1},
  pages        = {615--629},
  title        = {Neurosurgeon: Collaborative Intelligence Between the Cloud and Mobile Edge},
  volume       = {45},
}

@article{shlezinger2022IOTM,
  author       = {Shlezinger, Nir and Bajić, Ivan V.},
  date         = {2022-12},
  journaltitle = {IEEE Internet of Things Magazine},
  number       = {4},
  pages        = {92--98},
  title        = {Collaborative Inference for {AI}-Empowered {IoT} Devices},
  volume       = {5},
}

@inproceedings{ulhaq2023pointcloud,
  author    = {Ulhaq, Mateen and Bajić, Ivan V.},
  booktitle = {Proc. IEEE MMSP},
  date      = {2023},
  title     = {Learned Point Cloud Compression for Classification},
}

