@book{Cover_Thomas_2006,
  author    = {Cover, T. M. and Thomas, J. A.},
  publisher = {Wiley},
  date      = {2006},
  doi       = {10.1002/047174882X},
  edition   = {2nd},
  title     = {Elements of Information Theory},
}

@inproceedings{IB_Allerton1999,
  author      = {Tishby, N. and Pereira, F. C. and Bialek, W.},
  booktitle   = {Proc. 37th annual Allerton Conf. on Communication, Control, and Computing},
  date        = {1999-09},
  eprint      = {physics/0004057},
  eprintclass = {physics.data-an},
  eprinttype  = {arXiv},
  pages       = {368--377},
  title       = {The Information Bottleneck Method},
}

