@misc{balle2016gdn,
  author      = {Ballé, Johannes and Laparra, Valero and Simoncelli, Eero P.},
  date        = {2016},
  eprint      = {1511.06281},
  eprintclass = {cs.LG},
  eprinttype  = {arXiv},
  title       = {Density Modeling of Images using a Generalized Normalization Transformation},
}

@misc{balle2017endtoend,
  author      = {Ballé, Johannes and Laparra, Valero and Simoncelli, Eero P.},
  date        = {2017},
  eprint      = {1611.01704},
  eprintclass = {cs.CV},
  eprinttype  = {arXiv},
  title       = {End-to-end Optimized Image Compression},
}

@misc{balle2018variational,
  author      = {Ballé, Johannes and Minnen, David and Singh, Saurabh and Hwang, Sung Jin and Johnston, Nick},
  date        = {2018},
  eprint      = {1802.01436},
  eprintclass = {eess.IV},
  eprinttype  = {arXiv},
  title       = {Variational image compression with a scale hyperprior},
}

@misc{begaint2020compressai,
  author      = {Bégaint, Jean and Racapé, Fabien and Feltman, Simon and Pushparaja, Akshay},
  date        = {2020},
  eprint      = {2011.03029},
  eprintclass = {cs.CV},
  eprinttype  = {arXiv},
  title       = {{CompressAI}: a {PyTorch} library and evaluation platform for end-to-end compression research},
}

@inproceedings{bjontegaard2001calculation,
  author    = {Bj{ø}ntegaard, Gisle},
  url       = {https://www.itu.int/wftp3/av-arch/video-site/0104_Aus/VCEG-M33.doc},
  booktitle = {ITU-T SC16/Q6 VCEG-M33},
  date      = {2001-04},
  pages     = {2--4},
  title     = {Calculation of Average {PSNR} Differences between {RD}-curves},
}

@inproceedings{balcilar2022amortizationgap,
  author       = {Balcilar, Muhammet and Damodaran, Bharath and Hellier, Pierre},
  organization = {IEEE},
  booktitle    = {Proc. Picture Coding Symposium (PCS)},
  date         = {2022},
  eprint       = {2209.00964},
  eprintclass  = {eess.IV},
  eprinttype   = {arXiv},
  pages        = {115--119},
  title        = {Reducing the amortization gap of entropy bottleneck in end-to-end image compression},
}

@inproceedings{campos2019content,
  author      = {Campos, Joaquim and Meierhans, Simon and Djelouah, Abdelaziz and Schroers, Christopher},
  booktitle   = {Proc. IEEE/CVF CVPR Workshops},
  date        = {2019},
  eprint      = {1906.01223},
  eprintclass = {cs.CV},
  eprinttype  = {arXiv},
  title       = {Content Adaptive Optimization for Neural Image Compression},
}

@inproceedings{cheng2020learned,
  author      = {Cheng, Zhengxue and Sun, Heming and Takeuchi, Masaru and Katto, Jiro},
  booktitle   = {Proc. IEEE/CVF CVPR},
  date        = {2020},
  eprint      = {2001.01568},
  eprintclass = {eess.IV},
  eprinttype  = {arXiv},
  pages       = {7939--7948},
  title       = {Learned image compression with discretized gaussian mixture likelihoods and attention modules},
}

@inproceedings{choi2022frequencyaware,
  author            = {Choi, Hyomin and Racapé, Fabien and Hamidi-Rad, Shahab and Ulhaq, Mateen and Feltman, Simon},
  author+an:default = {4=me},
  booktitle         = {Proc. IEEE VCIP},
  date              = {2022},
  doi               = {10.1109/VCIP56404.2022.10008818},
  eprint            = {2301.01290},
  eprintclass       = {eess.IV},
  eprinttype        = {arXiv},
  pages             = {1--5},
  title             = {Frequency-aware Learned Image Compression for Quality Scalability},
}

@misc{cui2020gvae,
  author      = {Cui, Ze and Wang, Jing and Gao, Shangyin and Bai, Bo and Guo, Tiansheng and Feng, Yihui},
  date        = {2020},
  eprint      = {2003.02012v2},
  eprintclass = {eess.IV},
  eprinttype  = {arXiv},
  title       = {{G-VAE}: A Continuously Variable Rate Deep Image Compression Framework},
}

@inproceedings{cui2022asymmetric,
  author      = {Cui, Ze and Wang, Jing and Gao, Shangyin and Guo, Tiansheng and Feng, Yihui and Bai, Bo},
  booktitle   = {Proc. IEEE/CVF CVPR},
  date        = {2022},
  eprint      = {2003.02012},
  eprintclass = {eess.IV},
  eprinttype  = {arXiv},
  pages       = {10532--10541},
  title       = {Asymmetric gained deep image compression with continuous rate adaptation},
}

@article{fu2021learned,
  author       = {Fu, Haisheng and Liang, Feng and Lin, Jianping and Li, Bing and Akbari, Mohammad and Liang, Jie and Zhang, Guohe and Liu, Dong and Tu, Chengjie and Han, Jingning},
  publisher    = {IEEE},
  date         = {2023},
  eprint       = {2107.06463},
  eprintclass  = {eess.IV},
  eprinttype   = {arXiv},
  journaltitle = {IEEE Trans. Image Process.},
  pages        = {2063--2076},
  title        = {Learned Image Compression with Discretized {Gaussian-Laplacian-Logistic} Mixture Model and Concatenated Residual Modules},
  volume       = {32},
}

@inproceedings{galpin2023entropy,
  author      = {Galpin, Franck and Balcilar, Muhammet and Lefebvre, Frédéric and Racapé, Fabien and Hellier, Pierre},
  booktitle   = {Proc. IEEE DCC},
  date        = {2023},
  doi         = {10.1109/DCC55655.2023.00080},
  eprint      = {2303.05962},
  eprintclass = {eess.IV},
  eprinttype  = {arXiv},
  pages       = {338--338},
  title       = {Entropy Coding Improvement for Low-complexity Compressive Auto-encoders},
}

@inproceedings{he2022elic,
  author      = {He, Dailan and Yang, Ziming and Peng, Weikun and Ma, Rui and Qin, Hongwei and Wang, Yan},
  booktitle   = {Proc. IEEE/CVF CVPR},
  date        = {2022},
  eprint      = {2203.10886},
  eprintclass = {cs.CV},
  eprinttype  = {arXiv},
  pages       = {5718--5727},
  title       = {{ELIC}: Efficient learned image compression with unevenly grouped space-channel contextual adaptive coding},
}

@article{kamisli2023lowcomplexity,
  author       = {Kamisli, Fatih},
  date         = {2023},
  doi          = {10.1109/TCSVT.2023.3273578},
  eprint       = {2212.13243},
  eprintclass  = {eess.IV},
  eprinttype   = {arXiv},
  journaltitle = {IEEE Trans. Circuits Syst. Video Technol.},
  pages        = {1--1},
  title        = {Learned Lossless Image Compression Through Interpolation With Low Complexity},
}

@misc{kodak_dataset,
  author = {Kodak, Eastman},
  url    = {http://r0k.us/graphics/kodak},
  title  = {Kodak lossless true color image suite ({P}hoto{CD} {PCD}0992)},
}

@inproceedings{ladune2023coolchic,
  author      = {Ladune, Théo and Philippe, Pierrick and Henry, Félix and Clare, Gordon and Leguay, Thomas},
  booktitle   = {Proc. IEEE/CVF ICCV},
  date        = {2023},
  eprint      = {2212.05458},
  eprintclass = {eess.IV},
  eprinttype  = {arXiv},
  pages       = {13515--13522},
  title       = {{COOL-CHIC}: Coordinate-based Low Complexity Hierarchical Image Codec},
}

@misc{leguay2023lowcomplexity,
  author      = {Leguay, Thomas and Ladune, Théo and Philippe, Pierrick and Clare, Gordon and Henry, Félix},
  booktitle   = {Proc. IEEE MMSP},
  date        = {2023},
  eprint      = {2307.12706},
  eprintclass = {eess.IV},
  eprinttype  = {arXiv},
  title       = {Low-complexity Overfitted Neural Image Codec},
}

@article{minnen2018joint,
  author       = {Minnen, David and Ballé, Johannes and Toderici, George D},
  date         = {2018},
  eprint       = {1809.02736},
  eprintclass  = {cs.CV},
  eprinttype   = {arXiv},
  journaltitle = {Advances in neural information processing systems},
  title        = {Joint autoregressive and hierarchical priors for learned image compression},
  volume       = {31},
}

@misc{theis2017lossy,
  author      = {Theis, Lucas and Shi, Wenzhe and Cunningham, Andrew and Huszár, Ferenc},
  date        = {2017},
  eprint      = {1703.00395},
  eprintclass = {stat.ML},
  eprinttype  = {arXiv},
  title       = {Lossy Image Compression with Compressive Autoencoders},
}

@inproceedings{tong2023qvrf,
  author      = {Tong, Kedeng and Wu, Yaojun and Li, Yue and Zhang, Kai and Zhang, Li and Jin, Xin},
  booktitle   = {Proc. IEEE ICIP},
  date        = {2023},
  eprint      = {2303.05744},
  eprintclass = {eess.IV},
  eprinttype  = {arXiv},
  pubstate    = {prepublished},
  title       = {{QVRF}: A Quantization-error-aware Variable Rate Framework for Learned Image Compression},
}

@misc{ulhaq2022compressaitrainer,
  author            = {Ulhaq, Mateen and Racapé, Fabien},
  author+an:default = {1=me},
  publisher         = {GitHub},
  url               = {https://github.com/InterDigitalInc/CompressAI-Trainer},
  date              = {2022},
  title             = {{CompressAI Trainer}},
}

@article{xue2019video,
  author       = {Xue, Tianfan and Chen, Baian and Wu, Jiajun and Wei, Donglai and Freeman, William T},
  publisher    = {Springer},
  date         = {2019},
  eprint       = {1711.09078},
  eprintclass  = {cs.CV},
  eprinttype   = {arXiv},
  journaltitle = {Int. J. Comput. Vis. (IJCV)},
  pages        = {1106--1125},
  title        = {Video enhancement with task-oriented flow},
  volume       = {127},
}

