@inproceedings{ImageNet,
  author    = {Deng, Jia and Dong, Wei and Socher, Richard and Li, Li-Jia and Li, Kai and Li, Fei-Fei},
  booktitle = {Proc. IEEE/CVF CVPR},
  date      = {2009},
  pages     = {248--255},
  title     = {{ImageNet}: A large-scale hierarchical image database},
}

@inproceedings{zhang2017shufflenet,
  author    = {Zhang, Xiangyu and Zhou, Xinyu and Lin, Mengxiao and Sun, Jian},
  booktitle = {Proc. IEEE/CVF CVPR},
  date      = {2018},
  pages     = {6848--6856},
  title     = {{ShuffleNet}: An Extremely Efficient Convolutional Neural Network for Mobile Devices},
}

@misc{zhang2017shufflenet_arxiv,
  author      = {Zhang, Xiangyu and Zhou, Xinyu and Lin, Mengxiao and Sun, Jian},
  date        = {2017},
  eprint      = {1707.01083},
  eprintclass = {cs.CV},
  eprinttype  = {arXiv},
  title       = {{ShuffleNet}: An Extremely Efficient Convolutional Neural Network for Mobile Devices},
}

