@misc{balle2018variational,
  author      = {Ballé, Johannes and Minnen, David and Singh, Saurabh and Hwang, Sung Jin and Johnston, Nick},
  date        = {2018},
  eprint      = {1802.01436},
  eprintclass = {eess.IV},
  eprinttype  = {arXiv},
  title       = {Variational image compression with a scale hyperprior},
}

@misc{balle2018variational_arxiv,
  author      = {Ballé, Johannes and Minnen, David and Singh, Saurabh and Hwang, Sung Jin and Johnston, Nick},
  date        = {2018},
  eprint      = {1802.01436},
  eprintclass = {eess.IV},
  eprinttype  = {arXiv},
  title       = {Variational image compression with a scale hyperprior},
}

@inproceedings{duan2022pcs,
  author    = {Duan, Zhihao and Zhu, Fengqing},
  booktitle = {Proc. Picture Coding Symposium (PCS)},
  date      = {2022-12},
  pages     = {187--191},
  title     = {Efficient Feature Compression for Edge-Cloud Systems},
}

@inproceedings{matsubara2022wacv,
  author    = {Matsubara, Yoshitomo and Yang, Ruihan and Levorato, Marco and Mandt, Stephan},
  booktitle = {Proc. IEEE/CVF Winter Conf. on Applications of Computer Vision (WACV)},
  date      = {2022},
  pages     = {923--933},
  title     = {Supervised Compression for Resource-Constrained Edge Computing Systems},
}

@inproceedings{ImageNet,
  author    = {Deng, Jia and Dong, Wei and Socher, Richard and Li, Li-Jia and Li, Kai and Fei-Fei, Li},
  booktitle = {Proc. IEEE/CVF CVPR},
  date      = {2009},
  pages     = {248--255},
  title     = {{ImageNet}: A large-scale hierarchical image database},
}

@inproceedings{Ahuja_2023_CVPR,
  author    = {Ahuja, Nilesh and Datta, Parual and Kanzariya, Bhavya and Somayazulu, V. Srinivasa and Tickoo, Omesh},
  booktitle = {Proc. IEEE/CVF CVPR},
  date      = {2023-06},
  pages     = {2022--2030},
  title     = {Neural Rate Estimator and Unsupervised Learning for Efficient Distributed Image Analytics in Split-{DNN} Models},
}

@misc{begaint2020compressai,
  author      = {Bégaint, Jean and Racapé, Fabien and Feltman, Simon and Pushparaja, Akshay},
  date        = {2020},
  eprint      = {2011.03029},
  eprintclass = {cs.CV},
  eprinttype  = {arXiv},
  title       = {{CompressAI}: a {PyTorch} library and evaluation platform for end-to-end compression research},
}

@inproceedings{bjontegaard2001calculation,
  author    = {Bj{ø}ntegaard, Gisle},
  booktitle = {ITU-T SC16/Q6 VCEG-M33},
  date      = {2001-04},
  pages     = {2--4},
  title     = {Calculation of Average {PSNR} Differences between {RD}-curves},
}

@inproceedings{choi2018mmsp,
  author    = {Choi, Hyomin and Bajić, Ivan V.},
  booktitle = {Proc. IEEE MMSP},
  date      = {2018},
  doi       = {10.1109/MMSP.2018.8547134},
  pages     = {1--6},
  title     = {Near-Lossless Deep Feature Compression for Collaborative Intelligence},
}

@inproceedings{choi2018mmsp_alternate,
  author    = {Choi, Hyomin and Bajić, Ivan V.},
  booktitle = {Proc. IEEE MMSP'18},
  date      = {2018-08},
  doi       = {10.1109/MMSP.2018.8547134},
  issn      = {2473-3628},
  pages     = {1--6},
  title     = {Near-Lossless Deep Feature Compression for Collaborative Intelligence},
}

@article{choi2022sichm,
  author       = {Choi, Hyomin and Bajić, Ivan V.},
  date         = {2022-03},
  journaltitle = {IEEE Trans. Image Process.},
  pages        = {2739--2754},
  title        = {Scalable Image Coding for Humans and Machines},
  volume       = {31},
}

@article{choi2022sichm_arxiv,
  author       = {Choi, Hyomin and Bajic, Ivan V.},
  publisher    = {Institute of Electrical and Electronics Engineers ({IEEE})},
  url          = {https://doi.org/10.1109%2Ftip.2022.3160602},
  date         = {2022},
  doi          = {10.1109/tip.2022.3160602},
  journaltitle = {{IEEE} Transactions on Image Processing},
  pages        = {2739--2754},
  title        = {Scalable Image Coding for Humans and Machines},
  volume       = {31},
}

@inproceedings{chamain2020endtoend,
  author    = {Chamain, Lahiru D. and Racapé, Fabien and Bégaint, Jean and Pushparaja, Akshay and Feltman, Simon},
  booktitle = {Proc. DCC},
  date      = {2020},
  pages     = {163--172},
  title     = {End-to-End optimized image compression for machines, a study},
}

@article{duan2020vcm,
  author       = {Duan, Ling-Yu and Liu, Jiaying and Yang, Wenhan and Huang, Tiejun and Gao, Wen},
  date         = {2020},
  journaltitle = {IEEE Trans. Image Process.},
  pages        = {8680--8695},
  title        = {{Video Coding for Machines}: A Paradigm of Collaborative Compression and Intelligent Analytics},
  volume       = {29},
}

@misc{he2022density,
  author      = {He, Yun and Ren, Xinlin and Tang, Danhang and Zhang, Yinda and Xue, Xiangyang and Fu, Yanwei},
  date        = {2022},
  eprint      = {2204.12684},
  eprintclass = {cs.CV},
  eprinttype  = {arXiv},
  title       = {Density-preserving Deep Point Cloud Compression},
}

@inproceedings{hu2020towardscfhmvscalable,
  author    = {Hu, Yueyu and Yang, Shuai and Yang, Wenhan and Duan, Ling-Yu and Liu, Jiaying},
  booktitle = {Proc. IEEE ICME},
  date      = {2020},
  pages     = {1--6},
  title     = {Towards Coding For Human And Machine Vision: A Scalable Image Coding Approach},
}

@article{kang2017neurosurgeon,
  author       = {Kang, Yiping and Hauswald, Johann and Gao, Cao and Rovinski, Austin and Mudge, Trevor and Mars, Jason and Tang, Lingjia},
  location     = {New York, NY, USA},
  publisher    = {Association for Computing Machinery},
  date         = {2017},
  journaltitle = {SIGARCH Comput. Archit. News},
  number       = {1},
  pages        = {615--629},
  title        = {Neurosurgeon: Collaborative Intelligence Between the Cloud and Mobile Edge},
  volume       = {45},
}

@inproceedings{li2018pointcnn,
  author    = {Li, Yangyan and Bu, Rui and Sun, Mingchao and Wu, Wei and Di, Xinhan and Chen, Baoquan},
  booktitle = {Neural Information Processing Systems},
  date      = {2018},
  title     = {{PointCNN}: Convolution On $\mathcal{X}$-Transformed Points},
}

@inproceedings{maturana2015voxnet,
  author    = {Maturana, Daniel and Scherer, Sebastian A.},
  booktitle = {Proc. IEEE/RSJ Int. Conf. on Intelligent Robots and Systems (IROS)},
  date      = {2015},
  pages     = {922--928},
  title     = {{VoxNet}: A {3D} Convolutional Neural Network for real-time object recognition},
}

@misc{mpeg2019gpccv2,
  author    = {Mammou, Khaled and Chou, Philip A. and Flynn, David and Krivokuća, Maja and Nakagami, Ohji and Sugio, Toshiyasu},
  publisher = {MPEG},
  url       = {https://mpeg.chiariglione.org/standards/mpeg-i/geometry-based-point-cloud-compression/g-pcc-codec-description-v2},
  date      = {2019},
  note      = {{ISO/IEC JTC1/SC29/WG11} N18189},
  title     = {{G-PCC} codec description v2},
}

@misc{mpeg2021tmc13,
  author    = {Flynn, David and Mammou, Khaled},
  publisher = {MPEG},
  url       = {https://github.com/MPEGGroup/mpeg-pcc-tmc13},
  date      = {2021},
  title     = {{MPEG-PCC-TMC13}},
}

@inproceedings{IB_Allerton1999,
  author    = {Tishby, N. and Pereira, F. C. and Bialek, W.},
  booktitle = {Proc. 37th annual Allerton Conf. on Communication, Control, and Computing},
  date      = {1999-09},
  pages     = {368--377},
  title     = {The Information Bottleneck Method},
}

@book{Cover_Thomas_2006,
  author    = {Cover, T. M. and Thomas, J. A.},
  publisher = {Wiley},
  date      = {2006},
  edition   = {2nd},
  title     = {Elements of Information Theory},
}

@inproceedings{pang2022graspnet,
  author    = {Pang, Jiahao and Lodhi, Muhammad Asad and Tian, Dong},
  booktitle = {Proc. 1st Int. Workshop on Advances in Point Cloud Compression, Processing and Analysis},
  date      = {2022},
  title     = {{GRASP-Net}: Geometric Residual Analysis and Synthesis for Point Cloud Compression},
}

@inproceedings{pang2022graspnet_arxiv,
  author    = {Pang, Jiahao and Lodhi, Muhammad Asad and Tian, Dong},
  publisher = {ACM},
  url       = {https://doi.org/10.1145%2F3552457.3555727},
  booktitle = {Proc. 1st Int. Workshop on Advances in Point Cloud Compression, Processing and Analysis},
  date      = {2022-10},
  doi       = {10.1145/3552457.3555727},
  title     = {{GRASP}-Net},
}

@inproceedings{qi2016pointnet,
  author    = {Qi, C. and Su, Hao and Mo, Kaichun and Guibas, Leonidas J.},
  booktitle = {Proc. IEEE/CVF CVPR},
  date      = {2017},
  pages     = {77--85},
  title     = {{PointNet}: Deep Learning on Point Sets for {3D} Classification and Segmentation},
}

@misc{qi2017pointnet_arxiv,
  author      = {Qi, Charles R. and Su, Hao and Mo, Kaichun and Guibas, Leonidas J.},
  date        = {2017},
  eprint      = {1612.00593},
  eprintclass = {cs.CV},
  eprinttype  = {arXiv},
  title       = {{PointNet}: Deep Learning on Point Sets for {3D} Classification and Segmentation},
}

@inproceedings{qi2017pointnetplusplus,
  author    = {Qi, C. and Yi, L. and Su, Hao and Guibas, Leonidas J.},
  booktitle = {NIPS},
  date      = {2017},
  title     = {{PointNet++}: Deep Hierarchical Feature Learning on Point Sets in a Metric Space},
}

@inproceedings{riegler2016octnet,
  author    = {Riegler, Gernot and Ulusoy, Ali O. and Geiger, Andreas},
  booktitle = {Proc. IEEE/CVF CVPR},
  date      = {2017},
  pages     = {6620--6629},
  title     = {{OctNet}: Learning Deep {3D} Representations at High Resolutions},
}

@article{shlezinger2022IOTM,
  author       = {Shlezinger, Nir and Bajić, Ivan V.},
  date         = {2022-12},
  journaltitle = {IEEE Internet of Things Magazine},
  number       = {4},
  pages        = {92--98},
  title        = {Collaborative Inference for {AI}-Empowered {IoT} Devices},
  volume       = {5},
}

@misc{ulhaq2022compressaitrainer,
  author    = {Ulhaq, Mateen and Racapé, Fabien},
  publisher = {GitHub},
  url       = {https://github.com/InterDigitalInc/CompressAI-Trainer},
  date      = {2022},
  title     = {{CompressAI Trainer}},
}

@inproceedings{wu20143d,
  author    = {Wu, Zhirong and Song, Shuran and Khosla, Aditya and Yu, Fisher and Zhang, Linguang and Tang, Xiaoou and Xiao, Jianxiong},
  booktitle = {Proc. IEEE/CVF CVPR},
  date      = {2015},
  pages     = {1912--1920},
  title     = {{3D ShapeNets}: A deep representation for volumetric shapes},
}

@misc{wu20153d_arxiv,
  author      = {Wu, Zhirong and Song, Shuran and Khosla, Aditya and Yu, Fisher and Zhang, Linguang and Tang, Xiaoou and Xiao, Jianxiong},
  date        = {2015},
  eprint      = {1406.5670},
  eprintclass = {cs.CV},
  eprinttype  = {arXiv},
  title       = {{3D ShapeNets}: A Deep Representation for Volumetric Shapes},
}

@misc{yan2019deep,
  author      = {Yan, Wei and shao, Yiting and Liu, Shan and Li, Thomas H and Li, Zhu and Li, Ge},
  date        = {2019},
  eprint      = {1905.03691},
  eprintclass = {cs.CV},
  eprinttype  = {arXiv},
  title       = {Deep AutoEncoder-based Lossy Geometry Compression for Point Clouds},
}

@inproceedings{zhang2017shufflenet,
  author    = {Zhang, Xiangyu and Zhou, Xinyu and Lin, Mengxiao and Sun, Jian},
  booktitle = {Proc. IEEE/CVF CVPR},
  date      = {2018},
  pages     = {6848--6856},
  title     = {{ShuffleNet}: An Extremely Efficient Convolutional Neural Network for Mobile Devices},
}

@misc{zhang2017shufflenet_arxiv,
  author      = {Zhang, Xiangyu and Zhou, Xinyu and Lin, Mengxiao and Sun, Jian},
  date        = {2017},
  eprint      = {1707.01083},
  eprintclass = {cs.CV},
  eprinttype  = {arXiv},
  title       = {{ShuffleNet}: An Extremely Efficient Convolutional Neural Network for Mobile Devices},
}

