@inproceedings{fu2022octattention,
  author    = {Fu, Chunyang and Li, Ge and Song, Rui and Gao, Wei and Liu, Shan},
  booktitle = {Proc. {AAAI}},
  date      = {2022-06},
  doi       = {10.1609/aaai.v36i1.19942},
  number    = {1},
  pages     = {625--633},
  title     = {{OctAttention}: Octree-Based Large-Scale Contexts Model for Point Cloud Compression},
  volume    = {36},
}

@misc{google2017draco,
  author = {Google},
  url    = {https://google.github.io/draco/},
  date   = {2017},
  title  = {Draco: {3D} Data Compression},
}

@inproceedings{he2022density,
  author      = {He, Yun and Ren, Xinlin and Tang, Danhang and Zhang, Yinda and Xue, Xiangyang and Fu, Yanwei},
  booktitle   = {Proc. IEEE/CVF CVPR},
  date        = {2022},
  doi         = {10.1109/CVPR52688.2022.00237},
  eprint      = {2204.12684},
  eprintclass = {cs.CV},
  eprinttype  = {arXiv},
  pages       = {2323--2332},
  title       = {Density-preserving Deep Point Cloud Compression},
}

@misc{mpeg2019gpccv2,
  author    = {Mammou, Khaled and Chou, Philip A. and Flynn, David and KrivokuÄ‡a, Maja and Nakagami, Ohji and Sugio, Toshiyasu},
  publisher = {MPEG},
  url       = {https://mpeg.chiariglione.org/standards/mpeg-i/geometry-based-point-cloud-compression/g-pcc-codec-description-v2},
  date      = {2019},
  note      = {{ISO/IEC JTC1/SC29/WG11} N18189},
  title     = {{G-PCC} codec description v2},
}

@misc{mpeg2021tmc13,
  author    = {Flynn, David and Mammou, Khaled},
  publisher = {MPEG},
  url       = {https://github.com/MPEGGroup/mpeg-pcc-tmc13},
  date      = {2021},
  title     = {{MPEG-PCC-TMC13}},
}

@inproceedings{pang2022graspnet,
  author      = {Pang, Jiahao and Lodhi, Muhammad Asad and Tian, Dong},
  booktitle   = {Proc. 1st Int. Workshop on Advances in Point Cloud Compression, Processing and Analysis},
  date        = {2022},
  eprint      = {2209.04401},
  eprintclass = {cs.CV},
  eprinttype  = {arXiv},
  title       = {{GRASP-Net}: Geometric Residual Analysis and Synthesis for Point Cloud Compression},
}

@misc{yan2019deep,
  author      = {Yan, Wei and shao, Yiting and Liu, Shan and Li, Thomas H and Li, Zhu and Li, Ge},
  date        = {2019},
  eprint      = {1905.03691},
  eprintclass = {cs.CV},
  eprinttype  = {arXiv},
  title       = {Deep AutoEncoder-based Lossy Geometry Compression for Point Clouds},
}

@inproceedings{you2022ipdae,
  author      = {You, Kang-Soo and Gao, Pan and Li, Qing Tao},
  booktitle   = {Proc. 1st Int. Workshop on Advances in Point Cloud Compression, Processing and Analysis},
  date        = {2022},
  eprint      = {2208.02519},
  eprintclass = {cs.CV},
  eprinttype  = {arXiv},
  title       = {{IPDAE}: Improved Patch-Based Deep Autoencoder for Lossy Point Cloud Geometry Compression},
}

