@inproceedings{li2018pointcnn,
  author    = {Li, Yangyan and Bu, Rui and Sun, Mingchao and Wu, Wei and Di, Xinhan and Chen, Baoquan},
  booktitle = {Neural Information Processing Systems},
  date      = {2018},
  title     = {{PointCNN}: Convolution On $\mathcal{X}$-Transformed Points},
}

@inproceedings{maturana2015voxnet,
  author    = {Maturana, Daniel and Scherer, Sebastian A.},
  booktitle = {Proc. IEEE/RSJ Int. Conf. on Intelligent Robots and Systems (IROS)},
  date      = {2015},
  pages     = {922--928},
  title     = {{VoxNet}: A {3D} Convolutional Neural Network for real-time object recognition},
}

@inproceedings{qi2016pointnet,
  author    = {Qi, C. and Su, Hao and Mo, Kaichun and Guibas, Leonidas J.},
  booktitle = {Proc. IEEE/CVF CVPR},
  date      = {2017},
  pages     = {77--85},
  title     = {{PointNet}: Deep Learning on Point Sets for {3D} Classification and Segmentation},
}

@misc{qi2017pointnet_arxiv,
  author      = {Qi, Charles R. and Su, Hao and Mo, Kaichun and Guibas, Leonidas J.},
  date        = {2017},
  eprint      = {1612.00593},
  eprintclass = {cs.CV},
  eprinttype  = {arXiv},
  title       = {{PointNet}: Deep Learning on Point Sets for {3D} Classification and Segmentation},
}

@inproceedings{qi2017pointnetplusplus,
  author    = {Qi, C. and Yi, L. and Su, Hao and Guibas, Leonidas J.},
  booktitle = {NIPS},
  date      = {2017},
  title     = {{PointNet++}: Deep Hierarchical Feature Learning on Point Sets in a Metric Space},
}

@inproceedings{riegler2016octnet,
  author    = {Riegler, Gernot and Ulusoy, Ali O. and Geiger, Andreas},
  booktitle = {Proc. IEEE/CVF CVPR},
  date      = {2017},
  pages     = {6620--6629},
  title     = {{OctNet}: Learning Deep {3D} Representations at High Resolutions},
}

@inproceedings{wu20143d,
  author    = {Wu, Zhirong and Song, Shuran and Khosla, Aditya and Yu, Fisher and Zhang, Linguang and Tang, Xiaoou and Xiao, Jianxiong},
  booktitle = {Proc. IEEE/CVF CVPR},
  date      = {2015},
  pages     = {1912--1920},
  title     = {{3D ShapeNets}: A deep representation for volumetric shapes},
}

@misc{wu20153d_arxiv,
  author      = {Wu, Zhirong and Song, Shuran and Khosla, Aditya and Yu, Fisher and Zhang, Linguang and Tang, Xiaoou and Xiao, Jianxiong},
  date        = {2015},
  eprint      = {1406.5670},
  eprintclass = {cs.CV},
  eprinttype  = {arXiv},
  title       = {{3D ShapeNets}: A Deep Representation for Volumetric Shapes},
}

