@inproceedings{agustsson2020scalespaceflow,
  author    = {Agustsson, Eirikur and Minnen, David and Johnston, Nick and Ball√©, Johannes and Hwang, Sung Jin and Toderici, George},
  url       = {https://openaccess.thecvf.com/content_CVPR_2020/papers/Agustsson_Scale-Space_Flow_for_End-to-End_Optimized_Video_Compression_CVPR_2020_paper.pdf},
  booktitle = {Proc. IEEE/CVF CVPR},
  date      = {2020},
  doi       = {10.1109/CVPR42600.2020.00853},
  pages     = {8500--8509},
  title     = {{Scale-Space Flow} for End-to-End Optimized Video Compression},
}

@inproceedings{ho2022canf,
  author       = {Ho, Yung-Han and Chang, Chih-Peng and Chen, Peng-Yu and Gnutti, Alessandro and Peng, Wen-Hsiao},
  organization = {Springer},
  booktitle    = {Proc. ECCV},
  date         = {2022},
  eprint       = {2207.05315},
  eprintclass  = {cs.CV},
  eprinttype   = {arXiv},
  pages        = {207--223},
  title        = {{CANF-VC}: Conditional augmented normalizing flows for video compression},
}

@inproceedings{hu2021fvc,
  author      = {Hu, Zhihao and Lu, Guo and Xu, Dong},
  url         = {http://dx.doi.org/10.1109/CVPR46437.2021.00155},
  booktitle   = {Proc. IEEE/CVF CVPR},
  date        = {2021},
  doi         = {10.1109/cvpr46437.2021.00155},
  eprint      = {2105.09600},
  eprintclass = {eess.IV},
  eprinttype  = {arXiv},
  pages       = {1502--1511},
  title       = {{FVC}: A new framework towards deep video compression in feature space},
}

@inproceedings{rippel2019learned,
  author      = {Rippel, Oren and Nair, Sanjay and Lew, Carissa and Branson, Steve and Anderson, Alexander G. and Bourdev, Lubomir},
  booktitle   = {Proc. IEEE/CVF ICCV},
  date        = {2019},
  eprint      = {1811.06981},
  eprintclass = {eess.IV},
  eprinttype  = {arXiv},
  pages       = {3454--3463},
  title       = {Learned Video Compression},
}

